@book{Cormen2009,
 author = {Cormen, Thomas H. and Leiserson, Charles E. and Rivest, Ronald L. and Stein, Clifford},
 title = {Introduction to Algorithms, Third Edition},
 year = {2009},
 isbn = {0262033844, 9780262033848},
 edition = {3rd},
 publisher = {The MIT Press},
}

@book{Knuth1986,
 author = {Knuth, Donald E.},
 title = {The TeXbook},
 year = {1986},
 isbn = {0201134470},
 publisher = {Addison-Wesley Professional},
} 

@unpublished{Short2015,
  added-at = {2017-09-30T15:41:17.000+0200},
  author = {Oetiker, Tobias and Partl, Hubert and Hyna, Irene and Schlegl, Elisabeth},
  biburl = {https://www.bibsonomy.org/bibtex/2d8763a6b0d13f0966b49cf9be70c1888/dirtyhawk},
  edition = {5.05},
  interhash = {d13e5a8fe2fb23d05c377a6707a352eb},
  intrahash = {d8763a6b0d13f0966b49cf9be70c1888},
  keywords = {latex},
  subtitle = {Or \LaTeXe in 157 minutes},
  timestamp = {2017-09-30T15:57:00.000+0200},
  title = {The Not So Short Introduction to \LaTeXe},
  url = {http://www.ctan.org/tex-archive/info/lshort/english/},
  urldate = {2017-09-30},
  year = 2015
}


